<?xml version="1.0" encoding="UTF-8"?><record xmlns="http://www.loc.gov/MARC21/slim" xmlns:cinclude="http://apache.org/cocoon/include/1.0" xmlns:zs="http://www.loc.gov/zing/srw/">
  <leader>00379nz  a2200133n  4500</leader>
  <controlfield tag="001">no2003113150</controlfield>
  <controlfield tag="003">DLC</controlfield>
  <controlfield tag="005">20031109081509.0</controlfield>
  <controlfield tag="008">031108n| acannaabn          |n ana     c</controlfield>
  <datafield tag="010" ind1=" " ind2=" ">
    <subfield code="a">no2003113150</subfield>
  </datafield>
  <datafield tag="035" ind1=" " ind2=" ">
    <subfield code="a">(OCoLC)oca06200094</subfield>
  </datafield>
  <datafield tag="040" ind1=" " ind2=" ">
    <subfield code="a">MiDU</subfield>
    <subfield code="b">eng</subfield>
    <subfield code="c">MiDU</subfield>
  </datafield>
  <datafield tag="110" ind1="2" ind2=" ">
    <subfield code="a">Systems for Education</subfield>
  </datafield>
  <datafield tag="670" ind1=" " ind2=" ">
    <subfield code="a">The home adventure library, c1979:</subfield>
    <subfield code="b">t.p. (Systems for Education, Inc., Chicago)</subfield>
  </datafield>
</record>